@article{Gill_1986,
	Title = {Deceptive convergence in møller-plesset perturbation energies},
	Volume = {132},
	doi = {10.1016/0009-2614(86)80686-8},
	pages = {16--22},
	number = {1},
	Journal = {Chemical Physics Letters},
	author = {Gill, Peter M. W. and Radom, Leo},
	Date = {1986-11-28},
}

@article{Gill_1988,
	Title = {Why does unrestricted Mo/ller–Plesset perturbation theory converge so slowly for spin‐contaminated wave functions?},
	Volume = {89},
	doi = {10.1063/1.455312},
	pages = {7307--7314},
	number = {12},
	Journal = {J. Chem. Phys.},
	author = {Gill, Peter M. W. and Pople, John A. and Radom, Leo and Nobes, Ross H.},
	Date = {1988-12-15},
}

@article{Sergeev_2005,
	Title = {On the nature of the Møller-Plesset critical point},
	Volume = {123},
	doi = {10.1063/1.1991854},
	pages = {064105},
	number = {6},
	Journal = {J. Chem. Phys.},
	author = {Sergeev, Alexey V. and Goodson, David Z. and Wheeler, Steven E. and Allen, Wesley D.},
	Date = {2005-08-08},
}

@article{Sergeev_2006,
	Title = {Singularities of Møller-Plesset energy functions},
	Volume = {124},
	doi = {10.1063/1.2173989},
	pages = {094111},
	number = {9},
	Journal = {J. Chem. Phys.},
	author = {Sergeev, Alexey V. and Goodson, David Z.},
	Date = {2006-03-07},
}

@article{Stillinger_2000,
	Title = {Mo/ller–Plesset convergence issues in computational quantum chemistry},
	Volume = {112},
	doi = {10.1063/1.481608},
	pages = {9711--9715},
	number = {22},
	Journal = {J. Chem. Phys.},
	author = {Stillinger, Frank H.},
	Date = {2000-05-31},
}


@article{Olsen_1996,
	Title = {Surprising cases of divergent behavior in Møller-Plesset perturbation theory},
	Volume = {105},
	doi = {10.1063/1.472352},
	pages = {5082--5090},
	Journal = {J. Chem. Phys.},
	author = {Olsen, Jeppe and Christiansen, Ove and Koch, Henrik and Jørgensen, Poul},
	Date = {1996-09-01}
}

@article{Olsen_2000,
	Title = {Divergence in Møller–Plesset theory: A simple explanation based on a two-state model},
	Volume = {112},
	doi = {10.1063/1.481611},
	pages = {9736--9748},
	number = {22},
	Journal = {J. Chem. Phys.},
	author = {Olsen, Jeppe and Jørgensen, Poul and Helgaker, Trygve and Christiansen, Ove},
	Date = {2000-05-31},
}

@article{Olsen_2019,
	Title = {Convergence patterns and rates in two-state perturbation expansions},
	Volume = {151},
	doi = {10.1063/1.5110554},
	pages = {084108},
	number = {8},
	Journal = {J. Chem. Phys.},
	author = {Olsen, Jeppe and Jørgensen, Poul},
	Date = {2019-08-28},
}

@article{Leininger_2000,
	Title = {Is Mo/ller–Plesset perturbation theory a convergent ab initio method?},
	Volume = {112},
	doi = {10.1063/1.481764},
	pages = {9213--9222},
	number = {21},
	Journal = {J. Chem. Phys.},
	author = {Leininger, Matthew L. and Allen, Wesley D. and Schaefer, Henry F. and Sherrill, C. David},
	Date = {2000-05-17},
}

@article{Moller_1934,
	Title = {Note on an Approximation Treatment for Many-Electron Systems},
	Volume = {46},
	doi = {10.1103/PhysRev.46.618},
	pages = {618--622},
	number = {7},
	Journal = {Phys. Rev.},
	author = {Møller, Chr. and Plesset, M. S.},
	Date = {1934-10-01},
}

@article{Handy_1985,
	Title = {On the convergence of the Møller-Plesset perturbation series},
	Volume = {68},
	doi = {10.1007/BF00698753},
	pages = {87--100},
	number = {1},
	Journal = {Theoret. Chim. Acta},
	author = {Handy, N. C. and Knowles, P. J. and Somasundram, K.},
	Date = {1985-07-01},
}

@article{Christiansen_1996,
	Title = {On the inherent divergence in the Møller-Plesset series. The neon atom — a test case},
	Volume = {261},
	doi = {10.1016/0009-2614(96)00974-8},
	pages = {369--378},
	number = {3},
	Journal = {Chemical Physics Letters},
	author = {Christiansen, Ove and Olsen, Jeppe and Jørgensen, Poul and Koch, Henrik and Malmqvist, Per-Åke},
	urlDate = {2020-07-07},
	Date = {1996-10-18},
}

@incollection{Goodson_2004,
	Title = {Singularity Structure of Møller–Plesset Perturbation Theory},
	Volume = {47},
	doi = {10.1016/S0065-3276(04)47011-7},
	pages = {193--208},
	bookTitle = {Advances in Quantum Chemistry},
	publisher = {Academic Press},
	author = {Goodson, David Z. and Sergeev, Alexey V.},
	Date = {2004-01-01},

}

@article{Goodson_2012,
	Title = {Resummation methods},
	Volume = {2},
	doi = {10.1002/wcms.92},
	pages = {743--761},
	number = {5},
	journalTitle = {{WIREs} Computational Molecular Science},
	author = {Goodson, David Z.},
	Date = {2012},
}

@article{Katz_1962,
	Title = {The analytic structure of many-body perturbation theory},
	Volume = {29},
	doi = {10.1016/0029-5582(62)90191-8},
	pages = {353--372},
	Journal = {Nuclear Physics},
	author = {Katz, Amnon},
	urlDate = {2020-07-07},
	Date = {1962-01-01},
}

@article{Fukutome_1981,
	Title = {Unrestricted Hartree–Fock theory and its applications to molecules and chemical reactions},
	Volume = {20},
	doi = {10.1002/qua.560200502},
	pages = {955--1065},
	number = {5},
	journalTitle = {International Journal of Quantum Chemistry},
	author = {Fukutome, Hideo},
	Date = {1981},
}

@article{Stillinger_1966,
	Title = {Ground‐State Energy of Two‐Electron Atoms},
	Volume = {45},
	doi = {10.1063/1.1727380},
	pages = {3623--3631},
	number = {10},
	Journal = {J. Chem. Phys.},
	author = {Stillinger, Frank H.},
	Date = {1966-11-15},
}

@article{Bittner_2012,
	Author = {Bittner, S. and Dietz, B. and G\"unther, U. and Harney, H. L. and Miski-Oglu, M. and Richter, A. and Sch\"afer, F.},
	Date-Added = {2019-01-20 22:03:11 +0100},
	Date-Modified = {2019-01-21 16:25:31 +0100},
	doi = {10.1103/PhysRevLett.108.024101},
	Journal = {Phys. Rev. Lett.},
	Month = jan,
	Number = {2},
	Pages = {024101},
	Title = {{{PT Symmetry}} and {{Spontaneous Symmetry Breaking}} in a {{Microwave Billiard}}},
	Volume = {108},
	Year = {2012},
	Bdsk-Url-1 = {https://doi.org/10.1103/PhysRevLett.108.024101},
}

@article{Chong_2011,
	Author = {Chong, Y. D. and Ge, Li and Stone, A. Douglas},
	Date-Added = {2019-01-20 22:03:11 +0100},
	Date-Modified = {2019-01-27 20:43:12 +0100},
	doi = {10.1103/PhysRevLett.106.093902},
	Journal = {Phys. Rev. Lett.},
	Month = mar,
	Number = {9},
	Pages = {093902},
	Title = {PT Symmetry Breaking and Laser Absorber Modes in Optical Scattering Systems},
	Volume = {106},
	Year = {2011},
	Bdsk-Url-1 = {https://doi.org/10.1103/PhysRevLett.106.093902},
}

@article{Chtchelkatchev_2012,
	Author = {Chtchelkatchev, N. M. and Golubov, A. A. and Baturina, T. I. and Vinokur, V. M.},
	Date-Added = {2019-01-20 22:03:11 +0100},
	Date-Modified = {2019-01-21 16:26:10 +0100},
	doi = {10.1103/PhysRevLett.109.150405},
	Journal = {Phys. Rev. Lett.},
	Month = oct,
	Number = {15},
	Pages = {150405},
	Title = {Stimulation of the Fluctuation Superconductivity by PT Symmetry},
	Volume = {109},
	Year = {2012},
	Bdsk-Url-1 = {https://doi.org/10.1103/PhysRevLett.109.150405},
}

@article{Doppler_2016,
	Author = {Doppler, J\"org and Mailybaev, Alexei A. and B\"ohm, Julian and Kuhl, Ulrich and Girschik, Adrian and Libisch, Florian and Milburn, Thomas J. and Rabl, Peter and Moiseyev, Nimrod and Rotter, Stefan},
	Date-Added = {2019-01-20 22:03:11 +0100},
	Date-Modified = {2019-01-20 22:03:11 +0100},
	doi = {10.1038/nature18605},
	Journal = {Nature},
	Month = sep,
	Number = {7618},
	Pages = {76-79},
	Title = {Dynamically Encircling an Exceptional Point for Asymmetric Mode Switching},
	Volume = {537},
	Year = {2016},
	Bdsk-Url-1 = {https://doi.org/10.1038/nature18605},
}

@article{Guo_2009,
	Author = {Guo, A. and Salamo, G. J. and Duchesne, D. and Morandotti, R. and {Volatier-Ravat}, M. and Aimez, V. and Siviloglou, G. A. and Christodoulides, D. N.},
	Date-Added = {2019-01-20 22:03:11 +0100},
	Date-Modified = {2019-01-21 16:26:27 +0100},
	doi = {10.1103/PhysRevLett.103.093902},
	Journal = {Phys. Rev. Lett.},
	Month = aug,
	Number = {9},
	Pages = {093902},
	Title = {Observation of PT Symmetry Breaking in Complex Optical Potentials},
	Volume = {103},
	Year = {2009},
	Bdsk-Url-1 = {https://doi.org/10.1103/PhysRevLett.103.093902},
}

@article{Hang_2013,
	Author = {Hang, Chao and Huang, Guoxiang and Konotop, Vladimir V.},
	Date-Added = {2019-01-20 22:03:11 +0100},
	Date-Modified = {2019-01-21 16:26:38 +0100},
	doi = {10.1103/PhysRevLett.110.083604},
	Journal = {Phys. Rev. Lett.},
	Month = feb,
	Number = {8},
	Pages = {083604},
	Title = {PT Symmetry with a System of Three-Level Atoms},
	Volume = {110},
	Year = {2013},
	Bdsk-Url-1 = {https://doi.org/10.1103/PhysRevLett.110.083604},
}

@article{Liertzer_2012,
	Author = {Liertzer, M. and Ge, Li and Cerjan, A. and Stone, A. D. and T\"ureci, H. E. and Rotter, S.},
	Date-Added = {2019-01-20 22:03:11 +0100},
	Date-Modified = {2019-01-21 16:26:53 +0100},
	doi = {10.1103/PhysRevLett.108.173901},
	Journal = {Phys. Rev. Lett.},
	Month = apr,
	Number = {17},
	Pages = {173901},
	Title = {Pump-Induced Exceptional Points in Lasers},
	Volume = {108},
	Year = {2012},
	Bdsk-Url-1 = {https://doi.org/10.1103/PhysRevLett.108.173901},
}

@article{Longhi_2010,
	Author = {Longhi, Stefano},
	Date-Added = {2019-01-20 22:03:11 +0100},
	Date-Modified = {2019-01-21 16:27:08 +0100},
	doi = {10.1103/PhysRevLett.105.013903},
	Journal = {Phys. Rev. Lett.},
	Month = jun,
	Number = {1},
	Pages = {013903},
	Title = {Optical Realization of Relativistic Non-Hermitian Quantum Mechanics},
	Volume = {105},
	Year = {2010},
	Bdsk-Url-1 = {https://doi.org/10.1103/PhysRevLett.105.013903},
}

@article{Peng_2014,
	Author = {Peng, B. and Ozdemir, . K. and Rotter, S. and Yilmaz, H. and Liertzer, M. and Monifi, F. and Bender, C. M. and Nori, F. and Yang, L.},
	Date-Added = {2019-01-20 22:03:11 +0100},
	Date-Modified = {2019-01-20 22:03:11 +0100},
	doi = {10.1126/science.1258004},
	Journal = {Science},
	Month = oct,
	Number = {6207},
	Pages = {328-332},
	Title = {Loss-Induced Suppression and Revival of Lasing},
	Volume = {346},
	Year = {2014},
	Bdsk-Url-1 = {https://doi.org/10.1126/science.1258004},
}

@article{Peng_2014a,
	Author = {Peng, Bo and \"Ozdemir, {\c S}ahin Kaya and Lei, Fuchuan and Monifi, Faraz and Gianfreda, Mariagiovanna and Long, Gui Lu and Fan, Shanhui and Nori, Franco and Bender, Carl M. and Yang, Lan},
	Date-Added = {2019-01-20 22:03:11 +0100},
	Date-Modified = {2019-01-20 22:03:11 +0100},
	doi = {10.1038/nphys2927},
	Journal = {Nat. Phys.},
	Month = may,
	Number = {5},
	Pages = {394-398},
	Title = {Parity\textendash{}Time-Symmetric Whispering-Gallery Microcavities},
	Volume = {10},
	Year = {2014},
	Bdsk-Url-1 = {https://doi.org/10.1038/nphys2927},
}

@article{Regensburger_2012,
	Author = {Regensburger, Alois and Bersch, Christoph and Miri, Mohammad-Ali and Onishchukov, Georgy and Christodoulides, Demetrios N. and Peschel, Ulf},
	Date-Added = {2019-01-20 22:03:11 +0100},
	Date-Modified = {2019-01-20 22:03:11 +0100},
	doi = {10.1038/nature11298},
	Journal = {Nature},
	Month = aug,
	Number = {7410},
	Pages = {167-171},
	Title = {Parity\textendash{}Time Synthetic Photonic Lattices},
	Volume = {488},
	Year = {2012},
	Bdsk-Url-1 = {https://doi.org/10.1038/nature11298},
}

@article{Ruter_2010,
	Author = {R\"uter, Christian E. and Makris, Konstantinos G. and {El-Ganainy}, Ramy and Christodoulides, Demetrios N. and Segev, Mordechai and Kip, Detlef},
	Date-Added = {2019-01-20 22:03:11 +0100},
	Date-Modified = {2019-01-20 22:03:11 +0100},
	doi = {10.1038/nphys1515},
	Journal = {Nat. Phys.},
	Month = mar,
	Number = {3},
	Pages = {192-195},
	Title = {Observation of Parity\textendash{}Time Symmetry in Optics},
	Volume = {6},
	Year = {2010},
	Bdsk-Url-1 = {https://doi.org/10.1038/nphys1515},
}

@article{Schindler_2011,
	Author = {Schindler, Joseph and Li, Ang and Zheng, Mei C. and Ellis, F. M. and Kottos, Tsampikos},
	Date-Added = {2019-01-20 22:03:11 +0100},
	Date-Modified = {2019-01-21 16:27:21 +0100},
	doi = {10.1103/PhysRevA.84.040101},
	Journal = {Phys. Rev. A},
	Month = oct,
	Number = {4},
	Pages = {040101},
	Title = {Experimental Study of Active \emph{LRC} Circuits with PT Symmetries},
	Volume = {84},
	Year = {2011},
	Bdsk-Url-1 = {https://doi.org/10.1103/PhysRevA.84.040101},
}

@article{Szameit_2011,
	Author = {Szameit, Alexander and Rechtsman, Mikael C. and {Bahat-Treidel}, Omri and Segev, Mordechai},
	Date-Added = {2019-01-20 22:03:11 +0100},
	Date-Modified = {2019-01-21 16:27:31 +0100},
	doi = {10.1103/PhysRevA.84.021806},
	Journal = {Phys. Rev. A},
	Month = aug,
	Number = {2},
	Pages = {021806},
	Title = {PT-Symmetry in Honeycomb Photonic Lattices},
	Volume = {84},
	Year = {2011},
	Bdsk-Url-1 = {https://doi.org/10.1103/PhysRevA.84.021806},
}

@article{Zhao_2010,
	Author = {Zhao, K. F. and Schaden, M. and Wu, Z.},
	Date-Added = {2019-01-20 22:03:11 +0100},
	Date-Modified = {2019-01-21 16:27:45 +0100},
	doi = {10.1103/PhysRevA.81.042903},
	Journal = {Phys. Rev. A},
	Month = apr,
	Number = {4},
	Pages = {042903},
	Title = {Enhanced Magnetic Resonance Signal of Spin-Polarized {{Rb}} Atoms near Surfaces of Coated Cells},
	Volume = {81},
	Year = {2010},
	Bdsk-Url-1 = {https://doi.org/10.1103/PhysRevA.81.042903},
}

@article{Zheng_2013,
	Author = {Zheng, C. and Hao, L. and Long, G. L.},
	Date-Added = {2019-01-20 22:03:11 +0100},
	Date-Modified = {2019-01-20 22:03:11 +0100},
	doi = {10.1098/rsta.2012.0053},
	Journal = {Philos. Trans. R. Soc. Math. Phys. Eng. Sci.},
	Month = mar,
	Number = {1989},
	Pages = {20120053-20120053},
	Title = {Observation of a Fast Evolution in a Parity-Time-Symmetric System},
	Volume = {371},
	Year = {2013},
	Bdsk-Url-1 = {https://doi.org/10.1098/rsta.2012.0053},
}

@article{Choi_2018,
	Author = {Choi, Youngsun and Hahn, Choloong and Yoon, Jae Woong and Song, Seok Ho},
	Date-Added = {2019-01-20 22:03:11 +0100},
	Date-Modified = {2019-01-21 16:29:02 +0100},
	doi = {10.1038/s41467-018-04690-y},
	Journal = {Nat. Commun.},
	Month = dec,
	Number = {1},
	Pages = {2182},
	Title = {Observation of an Anti-PT-Symmetric Exceptional Point and Energy-Difference Conserving Dynamics in Electrical Circuit Resonators},
	Volume = {9},
	Year = {2018},
	Bdsk-Url-1 = {https://doi.org/10.1038/s41467-018-04690-y},
}

@article{El-Ganainy_2018,
	Author = {El-Ganainy, Ramy and Makris, Konstantinos G. and Khajavikhan, Mercedeh and Musslimani, Ziad H. and Rotter, Stefan and Christodoulides, Demetrios N.},
	Date-Added = {2019-01-30 12:10:10 +0100},
	Date-Modified = {2019-01-30 12:10:10 +0100},
	doi = {10.1038/nphys4323},
	Journal = {Nat. Phys.},
	Language = {en},
	Month = jan,
	Number = {1},
	Pages = {11-19},
	Title = {Non-Hermitian Physics and PT Symmetry},
	Volume = {14},
	Year = {2018},
	Bdsk-Url-1 = {https://doi.org/10.1038/nphys4323},
}

@article{Heiss_2012,
	Author = {Heiss, W D},
	Date-Added = {2019-01-20 22:03:11 +0100},
	Date-Modified = {2019-01-20 22:03:11 +0100},
	doi = {10.1088/1751-8113/45/44/444016},
	Issn = {1751-8113, 1751-8121},
	Journal = {J. Phys. Math. Theor.},
	Month = nov,
	Number = {44},
	Pages = {444016},
	Title = {The Physics of Exceptional Points},
	Volume = {45},
	Year = {2012},
	Bdsk-Url-1 = {https://doi.org/10.1088/1751-8113/45/44/444016},
}

@article{Heiss_1990,
	Author = {Heiss, W D and Sannino, A L},
	Date-Added = {2019-01-20 22:03:11 +0100},
	Date-Modified = {2019-01-20 22:03:11 +0100},
	doi = {10.1088/0305-4470/23/7/022},
	Journal = {J. Phys. Math. Gen.},
	Month = apr,
	Number = {7},
	Pages = {1167-1178},
	Title = {Avoided Level Crossing and Exceptional Points},
	Volume = {23},
	Year = {1990},
	Bdsk-Url-1 = {https://doi.org/10.1088/0305-4470/23/7/022},
}

@article{Heiss_2016,
	Author = {Heiss, Dieter},
	Date-Added = {2019-01-20 22:03:11 +0100},
	Date-Modified = {2019-01-27 20:41:40 +0100},
	doi = {10.1038/nphys3864},
	File = {/Users/loos/Zotero/storage/ZBT6XXR3/Heiss - Circling exceptional points.pdf},
	Journal = {Nat. Phys.},
	Pages = {823--824},
	Title = {Circling Exceptional Points},
	Volume = {12},
	Year = {2016},
	Bdsk-Url-1 = {https://doi.org/10.1038/nphys3864},
}

@article{Heiss_1999,
	Author = {W. D. Heiss},
	Date-Added = {2018-12-06 20:49:57 +0100},
	Date-Modified = {2018-12-06 20:51:10 +0100},
	doi = {10.1007/s100530050339},
	Journal = {Eur. Phys. J. D},
	Pages = {1},
	Title = {Phases of wave functions and level repulsion},
	Volume = {7},
	Year = {1999},
	Bdsk-Url-1 = {https://doi.org/10.1007/s100530050339},
}

@article{Yarkony_1996,
	Author = {D. R. Yarkony},
	Date-Added = {2018-12-06 20:45:42 +0100},
	Date-Modified = {2018-12-06 20:47:03 +0100},
	doi = {10.1103/RevModPhys.68.985},
	Journal = {Rev. Mod. Phys.},
	Pages = {985},
	Title = {Diabolical conical intersections},
	Volume = {68},
	Year = {1996},
	Bdsk-Url-1 = {https://doi.org/10.1103/RevModPhys.68.985},
}

@article{Berry_1984,
	Author = {M. V. Berry},
	doi = {10.1103/RevModPhys.35.496},
	Journal = {Proc. Royal Soc. A},
	Pages = {45},
	Title = {{Quantal Phase Factors Accompanying Adiabatic Changes}},
	Volume = {392},
	Year = {1984},
	Bdsk-Url-1 = {https://doi.org/10.1103/RevModPhys.35.496},
}

@book{MoiseyevBook,
	Author = {N. Moiseyev},
	Date-Added = {2018-10-16 13:34:32 +0200},
	Date-Modified = {2018-10-16 13:35:43 +0200},
	Publisher = {Cambridge University Press},
	Title = {Non-Hermitian Quantum Mechanics},
	Year = {2011},
}

@book{SzaboBook,
	Address = {New York},
	Author = {A. Szabo and N. S. Ostlund},
	Date-Added = {2019-01-22 22:33:30 +0100},
	Date-Modified = {2019-01-22 22:33:30 +0100},
	Keywords = {qmech},
	Publisher = {McGraw-Hill},
	Title = {Modern quantum chemistry},
	Year = {1989}}
